@article{giordano2015linear,
  title={Linear response methods for accurate covariance estimates from mean field variational Bayes},
  author={Giordano, Ryan and Broderick, Tamara and Jordan, Michael},
  journal={arXiv preprint arXiv:1506.04088},
  year={2015}
}

@article{drugowitsch2013variational,
  title={Variational Bayesian inference for linear and logistic regression},
  author={Drugowitsch, Jan},
  journal={arXiv preprint arXiv:1310.5438},
  year={2013}
}

@book{bishop2006pattern,
  title={Pattern recognition and machine learning},
  author={Bishop, Christopher M},
  year={2006},
  publisher={springer}
}

@article{martin2011mcmcpack,
  title={Mcmcpack: Markov chain monte carlo in r},
  author={Martin, Andrew D and Quinn, Kevin M and Park, Jong Hee and others},
  journal={Journal of Statistical Software},
  volume={42},
  number={9},
  pages={1--21},
  year={2011},
  publisher={American Statistical Association}
}

@book{wickham2009ggplot2,
  title={ggplot2: elegant graphics for data analysis},
  author={Wickham, Hadley},
  year={2009},
  publisher={Springer Science \& Business Media}
}

@Book{,
    title = {Modern Applied Statistics with S},
    author = {W. N. Venables and B. D. Ripley},
    publisher = {Springer},
    edition = {Fourth},
    address = {New York},
    year = {2002},
    note = {ISBN 0-387-95457-0},
    url = {http://www.stats.ox.ac.uk/pub/MASS4},
  }