@article{bertsimas2014least,
author = "Bertsimas, Dimitris and Mazumder, Rahul",
fjournal = "The Annals of Statistics",
journal = "Annals of Statistics",
number = "6",
pages = "2494--2525",
publisher = "The Institute of Mathematical Statistics",
title = "Least quantile regression via modern optimization",
volume = "42",
year = "2014"
}

@article{bertsimas2015best,
  title={Best subset selection via a modern optimization lens},
  author={Bertsimas, Dimitris and King, Angela and Mazumder, Rahul},
  journal={Annals of Statistics, to appear},
  year={2015}
}

#TODO - double check this
@article{bertsimas2015logistic,
  title={Logistic Regression: From Art to Science},
  author={Bertsimas, Dimitris and King, Angela},
  journal={Submitted for publication},
  year={2015}
}

#TODO - double check this
@article{bertsimas2015algorithmic,
  title={An Algorithmic Approach to Linear Regression},
  author={Bertsimas, Dimitris and King, Angela},
  journal={Operations Research},
  note={To appear},
  year={2015}
}


@article{hastie2000,
author = "Hastie, Trevor and Tibshirani, Robert",
fjournal = "Statistical Science",
journal = "Statist. Sci.",
number = "3",
pages = {196--223},
publisher = "The Institute of Mathematical Statistics",
title = "Bayesian backfitting (with comments and a rejoinder by the
 authors",
volume = "15",
year = "2000"
}

@article{tibshirani1996regression,
  title={Regression shrinkage and selection via the lasso},
  author={Tibshirani, Robert},
  journal={Journal of the Royal Statistical Society. Series B (Methodological)},
  pages={267--288},
  volume={58},
  number={1},
  year={1996},
  publisher={JSTOR}
}

@article{cortes1995support,
  title={Support-vector networks},
  author={Cortes, Corinna and Vapnik, Vladimir},
  journal={Machine Learning},
  volume={20},
  number={3},
  pages={273--297},
  year={1995},
  publisher={Springer}
}

@article{orsenigo2003multivariate,
  title={Multivariate classification trees based on minimum features discrete support vector machines},
  author={Orsenigo, Carlotta and Vercellis, Carlo},
  journal={IMA Journal of Management Mathematics},
  volume={14},
  number={3},
  pages={221--234},
  year={2003},
  publisher={IMA}
}

@article{orsenigo2004discrete,
  title={Discrete support vector decision trees via tabu search},
  author={Orsenigo, Carlotta and Vercellis, Carlo},
  journal={Computational Statistics \& Data Analysis},
  volume={47},
  number={2},
  pages={311--322},
  year={2004},
  publisher={Elsevier}
}

@phdthesis{fertis2009robust,
  title={A robust optimization approach to statistical estimation problems},
  author={Fertis, Apostolos G},
  year={2009},
  school={Massachusetts Institute of Technology}
}

@article{xu2009robustness,
  title={Robustness and regularization of support vector machines},
  author={Xu, Huan and Caramanis, Constantine and Mannor, Shie},
  journal={The Journal of Machine Learning Research},
  volume={10},
  pages={1485--1510},
  year={2009},
  publisher={JMLR. org}
}

@article{friedman2010regularization,
  title={Regularization paths for generalized linear models via coordinate descent},
  author={Friedman, Jerome and Hastie, Trevor and Tibshirani, Rob},
  journal={Journal of statistical software},
  volume={33},
  number={1},
  pages={1},
  year={2010},
  publisher={NIH Public Access}
}

@BOOK{huberrobust,
  title={Robust statistics},
  author={Huber, Peter J},
  year = {1981},
  publisher={Wiley, New York}
}

@BOOK{cart84,
  author        = {Breiman, Leo and Friedman, Jerome and Olshen, Richard. and Stone, Charles},
  title         = {{Classification and Regression Trees}},
  publisher     = {Wadsworth and Brooks},
  address       = {Monterey},
  year          = {1984},
  abstract      = {},
}

@book{friedman2001elements,
  title={The elements of statistical learning},
  author={Friedman, Jerome and Hastie, Trevor and Tibshirani, Robert},
  volume={1},
  year={2001},
  publisher={Springer series in statistics Springer, Berlin}
}

@book{ben2009robust,
  title={Robust Optimization},
  author={Ben-Tal, Aharon and El Ghaoui, Laurent and Nemirovski, Arkadi},
  year={2009},
  publisher={Princeton University Press}
}

@article{bertsimas2011theory,
  title={Theory and applications of robust optimization},
  author={Bertsimas, Dimitris and Brown, David B and Caramanis, Constantine},
  journal={SIAM review},
  volume={53},
  number={3},
  pages={464--501},
  year={2011},
  publisher={SIAM}
}

@article{ben2002robust,
  title={Robust optimization--methodology and applications},
  author={Ben-Tal, Aharon and Nemirovski, Arkadi},
  journal={{Mathematical Programming}},
  volume={92},
  number={3},
  pages={453--480},
  year={2002},
  publisher={Springer}
}

@book{bertsekas1999nonlinear,
  title={Nonlinear Programming},
  author={Bertsekas, Dimitri P},
  year={1999},
  publisher={Athena {S}cientific, Belmont, {MA}}
}

@misc{uci2013,
  author = {Moshe Lichman},
  year = {2013},
  title = {{UCI} Machine Learning Repository},
  url = {http://archive.ics.uci.edu/ml},
  institution = {University of California, Irvine, School of Information and Computer Sciences}
}

@article{bertsimas2014characterization,
  title={Characterization of the equivalence of robustification and regularization in linear, median, and matrix regression},
  author={Bertsimas, Dimitris and Copenhaver, Martin S},
  journal={Submitted for publication},
    year={2014}
    }
  %arXiv preprint arXiv:1411.6160},


@article{bertsimas2004price,
  title={The price of robustness},
  author={Bertsimas, Dimitris and Sim, Melvyn},
  journal={Operations Research},
  volume={52},
  number={1},
  pages={35--53},
  year={2004},
  publisher={Informs}
}


@article{ben2000robust,
  title={Robust solutions of linear programming problems contaminated with uncertain data},
  author={Ben-Tal, Aharon and Nemirovski, Arkadi},
  journal={{Mathematical Programming}},
  volume={88},
  number={3},
  pages={411--424},
  year={2000},
  publisher={Springer}
}

@article{wachter2006implementation,
  title={On the implementation of an interior-point filter line-search algorithm for large-scale nonlinear programming},
  author={W{\"a}chter, Andreas and Biegler, Lorenz T},
  journal={{Mathematical Programming}},
  volume={106},
  number={1},
  pages={25--57},
  year={2006},
  publisher={Springer}
}

@article{LubinDunningIJOC,
  author = {Miles Lubin and Iain Dunning},
  title = {Computing in Operations Research Using Julia},
  journal = {INFORMS Journal on Computing},
  volume = {27},
  number = {2},
  pages = {238-248},
  year = {2015},
}

@article{bezanson2014julia,
  title={Julia: A fresh approach to numerical computing},
  author={Bezanson, Jeff and Edelman, Alan and Karpinski, Stefan and Shah, Viral B},
  journal={arXiv preprint arXiv:1411.1607},
  year={2014}
}

@misc{gurobi,
  author = {Gurobi{\ }Optimization{\ }Inc.},
  title = {Gurobi Optimizer Reference Manual},
  year = {2015},
  note = {\url{http://www.gurobi.com}}
}

#TODO - double check this
@article{bertsimas2015trees,
  title={Optimal Trees},
  author={Bertsimas, Dimitris and Dunn, Jack},
  year={2015},
  journal={Submitted for publication}
}


@book{bertsimas1997introduction,
  title={Introduction to Linear Optimization},
  author={Bertsimas, Dimitris and Tsitsiklis, John N},
  volume={6},
  year={2008},
  publisher={Athena Scientific and Dynamic Ideas, Belmont, MA}
}

@Manual{rpart,
  title = {rpart: Recursive Partitioning and Regression Trees},
  author = {Terry Therneau and Beth Atkinson and Brian Ripley},
  year = {2015},
  note = {R package version 4.1-9},
  url = {http://CRAN.R-project.org/package=rpart},
}

@article{scikit-learn,
 title={Scikit-learn: Machine Learning in {P}ython},
 author={Pedregosa, F. and Varoquaux, G. and Gramfort, A. and Michel, V.
         and Thirion, B. and Grisel, O. and Blondel, M. and Prettenhofer, P.
         and Weiss, R. and Dubourg, V. and Vanderplas, J. and Passos, A. and
         Cournapeau, D. and Brucher, M. and Perrot, M. and Duchesnay, E.},
 journal={Journal of Machine Learning Research},
 volume={12},
 pages={2825--2830},
 year={2011}
}

@Manual{r,
  title = {R: A Language and Environment for Statistical Computing},
  author = {{R Core Team}},
  organization = {R Foundation for Statistical Computing},
  address = {Vienna, Austria},
  year = {2015},
  url = {http://www.R-project.org/},
}

@inproceedings{biggio2011support,
  title={Support Vector Machines Under Adversarial Label Noise.},
  author={Biggio, Battista and Nelson, Blaine and Laskov, Pavel},
  booktitle={ACML},
  pages={97--112},
  year={2011}
}

@inproceedings{xu2006robust,
  title={Robust support vector machine training via convex outlier ablation},
  author={Xu, Linli and Crammer, Koby and Schuurmans, Dale},
  booktitle={AAAI},
  volume={6},
  pages={536--542},
  year={2006}
}

@inproceedings{natarajan2013learning,
  title={Learning with noisy labels},
  author={Natarajan, Nagarajan and Dhillon, Inderjit S and Ravikumar, Pradeep K and Tewari, Ambuj},
  booktitle={Advances in Neural Information Processing Systems},
  pages={1196--1204},
  year={2013}
}